@inproceedings{Resnick1994GroupLens,
  author    = {Paul Resnick and Neophytos Iacovou and Mitesh Suchak and Peter Bergstrom and John Riedl},
  title     = {{GroupLens}: an open architecture for collaborative filtering of netnews},
  booktitle = {Proceedings of the 1994 ACM Conference on Computer Supported Cooperative Work},
  year      = {1994},
  pages     = {175--186},
  publisher = {ACM},
  doi       = {10.1145/192844.192905}
}

@article{Schein2002ColdStart,
  author    = {Andrew I. Schein and Alexandrin Popescul and Lyle H. Ungar and David M. Pennock},
  title     = {Methods and Metrics for Cold-Start Recommendations},
  journal   = {Proceedings of the 25th Annual International ACM SIGIR Conference on Research and Development in Information Retrieval},
  year      = {2002},
  pages     = {253--260},
  publisher = {ACM},
  doi       = {10.1145/564376.564421}
}

@article{Tintarev2011Explainable,
  author    = {Nava Tintarev and Judith Masthoff},
  title     = {Designing and Evaluating Explanations for Recommender Systems},
  journal   = {Recommender Systems Handbook},
  year      = {2011},
  pages     = {479--510},
  publisher = {Springer},
  doi       = {10.1007/978-0-387-85820-3_15}
}

@article{Koren2009MatrixFactorization,
  author  = {Yehuda Koren and Robert Bell and Chris Volinsky},
  title   = {Matrix Factorization Techniques for Recommender Systems},
  journal = {Computer},
  volume  = {42},
  number  = {8},
  pages   = {30--37},
  year    = {2009},
  doi     = {10.1109/MC.2009.263}
}

@inproceedings{He2017NCF,
  author    = {Xiangnan He and Lizi Liao and Hanwang Zhang and Liqiang Nie and Xia Hu and Tat-Seng Chua},
  title     = {Neural Collaborative Filtering},
  booktitle = {Proceedings of the 26th International Conference on World Wide Web},
  year      = {2017},
  pages     = {173--182},
  publisher = {International World Wide Web Conferences Steering Committee},
  doi       = {10.1145/3038912.3052569}
}

@inproceedings{Cheng2016WideDeep,
  author    = {Heng-Tze Cheng and Levent Koc and Jeremiah Harmsen and Tal Shaked and Tushar Chandra and Hrishi Aradhye and Glen Anderson and Greg Corrado and Wei Chai and Mustafa Ispir and Rohan Anil and Zakaria Haque and Lichan Hong and Vihan Jain and Xiaobing Liu and Hemal Shah},
  title     = {Wide  Deep Learning for Recommender Systems},
  booktitle = {Proceedings of the 1st Workshop on Deep Learning for Recommender Systems},
  year      = {2016},
  pages     = {7--10},
  publisher = {ACM},
  doi       = {10.1145/2988450.2988454}
}

@inproceedings{Sun2019BERT4Rec,
  author    = {Fei Sun and Jun Liu and Jian Wu and Changhua Pei and Xiaoyuan Lin and Wenwu Ou and Peng Jiang},
  title     = {BERT4Rec: Sequential Recommendation with Bidirectional Encoder Representations from Transformer},
  booktitle = {Proceedings of the 28th ACM International Conference on Information and Knowledge Management},
  year      = {2019},
  pages     = {1441--1450},
  publisher = {ACM},
  doi       = {10.1145/3357384.3357895}
}

@inproceedings{Rendle2010FM,
  author    = {Steffen Rendle},
  title     = {Factorization Machines},
  booktitle = {2010 IEEE International Conference on Data Mining},
  year      = {2010},
  pages     = {995--1000},
  publisher = {IEEE},
  doi       = {10.1109/ICDM.2010.127}
}

@inproceedings{Guo2017DeepFM,
  author    = {Huifeng Guo and Ruiming Tang and Yunming Ye and Zhenguo Li and Xiuqiang He},
  title     = {DeepFM: A Factorization-Machine based Neural Network for CTR Prediction},
  booktitle = {Proceedings of the 26th International Joint Conference on Artificial Intelligence},
  year      = {2017},
  pages     = {1725--1731},
  publisher = {AAAI Press},
  doi       = {10.24963/ijcai.2017/239}
}

@inproceedings{Kanter2015Featuretools,
  author    = {James Max Kanter and Kalyan Veeramachaneni},
  title     = {Deep Feature Synthesis: Towards Automating Data Science Endeavors},
  booktitle = {2015 IEEE International Conference on Data Science and Advanced Analytics (DSAA)},
  year      = {2015},
  pages     = {1--10},
  publisher = {IEEE},
  doi       = {10.1109/DSAA.2015.7344858}
}

@inproceedings{Zou2025FEBP,
  author    = {Y. Zou and J. Utke and D. Klabjan and H. Liu},
  title     = {Automated Feature Engineering by Prompting},
  booktitle = {International Conference on Learning Representations (ICLR)},
  year      = {2025},
  note      = {https://openreview.net/forum?id=ZXO7iURZfW}
}

@article{Wang2024RecMind,
  author    = {L. Wang and others},
  title     = {RecMind: Large Language Model Powered Agent For Recommendation},
  journal   = {arXiv preprint arXiv:2402.22},
  year      = {2024},
  note      = {https://arxiv.org/abs/2402.22}
}

@article{Yuksel2025AlphaQuant,
  author    = {K. A. Yuksel and others},
  title     = {AlphaQuant: LLM-Driven Automated Robust Feature Discovery},
  journal   = {SSRN},
  year      = {2025},
  note      = {https://papers.ssrn.com/sol3/papers.cfm?abstract_id=5124841}
}

@article{Wang2023LLMAgentsSurvey,
  author    = {H. Liu and H. Huang and Q. Yang and M. Shao},
  title     = {A Survey on LLM-powered Agents for Recommender Systems},
  journal   = {arXiv preprint arXiv:2502.10050v1},
  year      = {2025},
  note      = {https://arxiv.org/abs/2502.10050}
}

@misc{LightFM,
  author    = {Maciej Kula},
  title     = {LightFM: A Python implementation of a number of popular recommendation algorithms},
  year      = {2015},
  note      = {https://github.com/lyst/lightfm}
}

@article{Robertson2009BM25,
  author    = {Stephen Robertson and Hugo Zaragoza},
  title     = {The Probabilistic Relevance Framework: BM25 and Beyond},
  journal   = {Foundations and Trends in Information Retrieval},
  volume    = {3},
  pages     = {333--389},
  year      = {2009},
  doi       = {10.1561/1500000019}
}

@article{Touvron2023LLaMA,
  author    = {Hugo Touvron and others},
  title     = {LLaMA: Open and Efficient Foundation Language Models},
  journal   = {arXiv preprint arXiv:2302.13971},
  year      = {2023},
  note      = {https://arxiv.org/abs/2302.13971}
}

@article{Zhang2023AgentCF,
  author    = {Junjie Zhang and others},
  title     = {AgentCF: Collaborative Learning with Autonomous Language Agents for Recommender Systems},
  journal   = {arXiv preprint arXiv:2310.09233},
  year      = {2023},
  note      = {https://arxiv.org/abs/2310.09233}
}

@article{AdaAroKre:71,
	author={Adamjan, V. M. and Arov, D. Z. and Krein, M. G.},
	title={Analytic properties of {S}chmidt pairs for a {H}ankel operator and the generalized {S}chur-{T}akagi problem},
	journal={Mathematics of the USSR Sbornik},
	volume={15},
	pages={31-73},
	year={1971},
} 

@INPROCEEDINGS{PadScaAst:16a,		
	author={Padoan, A. and Scarciotti, G. and Astolfi, A.},
	title={A geometric characterisation of the persistence of excitation condition for signals generated by discrete-time autonomous systems},	
	booktitle={\CDC{55th}, Las Vegas, NV, USA, December 12-14},
	pages={3843-3847},
	year={2016},		
}	

@article{PadScaAst:16b,		
	author = {Padoan, A. and Scarciotti, G. and Astolfi, A.}, 		
	title = {A geometric characterisation of the persistence of excitation condition for the solutions of autonomous systems},		
	journal = TA # TAC,		
	year = {2016},		
}

@book{PavVdWNij:06,
	author={Pavlov, A. and {van de Wouw}, N. and Nijmeijer, H.},
	title={Uniform Output Regulation of Nonlinear Systems: A Convergent Dynamics Approach},
	series={Systems \& Control: Foundations \& Applications},
	year={2006},
	publisher={Birkh{\"a}user Boston},
}

@Inbook{PurBorVar:96,
	author={Puri, A. and Borkar, V. and Varaiya, P.},
	editor={Alur, R. and Henzinger, T. A. and Sontag, E. D.},
	title={$\epsilon$-Approximation of differential inclusions},
	bookTitle={Hybrid Systems III: Verification and Control},
	year={1996},
	publisher={Springer Berlin Heidelberg},
	address={Berlin, Heidelberg},
	pages={362-376},
}

@misc{SLICOT,
	author={{SLICOT}},
	title = {Benchmark Examples for Model Reduction},
	howpublished = {\url{http://slicot.org/20-site/126-benchmark-examples-for-model-reduction}},
	note = {Accessed: 2018-06-07}
}

@article{Sca:16,
	author = {Scarciotti, G.}, 
	title = {Low Computational Complexity Model Reduction of Power Systems with Preservation of Physical Characteristics},
	journal = {IEEE Transactions on Power Systems},
	volume = {32},
	number = {1},
	pages = {743-752},
	year = {2017},
}

@INPROCEEDINGS{Sca:16a, 
	author={Scarciotti, G.}, 
	booktitle={\CDC{55th}, Las Vegas, NV, USA, December 12-14}, 
	title={Moment matching for nonlinear differential-algebraic equations},
	pages = {7447-7452},	
	year={2016}, 
}

@article{Sca:16b, 
	author={Scarciotti, G.}, 
	journal=TA # TAC, 
	title={Steady-State Matching and Model Reduction for Systems of Differential-Algebraic Equations}, 
	year={2018}, 
}

@INPROCEEDINGS{Sca:17, 
	author={Scarciotti, G.}, 
	booktitle={2017 IEEE Wireless Power Transfer Conference}, 
	title={Discontinuous phasor model of an inductive power transfer system}, 
	year={2017}, 
	pages={1-4}, 
	month={5},
}

@INPROCEEDINGS{Sca:18, 
	author={Scarciotti, G.}, 
	booktitle={2018 European Control Conference, Cyprus, June 12-15}, 
	title={Output Regulation of Linear Stochastic Systems: The Full-Information Case}, 
	pages={1920-1925},
	year={2018}, 
}